@Article{ACC,
 Author = {Ad{\'a}mek, Ji{\v{r}}{\'{\i}} and Herrlich, Horst and Strecker, George E.},
 Title = {Abstract and concrete categories: the joy of cats},
 FJournal = {Reprints in Theory and Applications of Categories},
 Journal = {Repr. Theory Appl. Categ.},
 Volume = {2006},
 Number = {17},
 Pages = {1--507},
 Year = {2006},
 Language = {English},
 Keywords = {18-01},
 URL = {katmat.math.uni-bremen.de/acc/},
 zbMATH = {5076899},
 Zbl = {1113.18001}
}

@misc{nLab,
	author = {nLab team},
	date-added = {2022-02-06 07:19:42 +0000},
	date-modified = {2022-04-09 11:37:39 +0100},
	howpublished = {Online at {http://ncatlab.org/nlab/show/HomePage}},
	title = {n{L}ab},
	url = {http://ncatlab.org/nlab/show/HomePage},
	bdsk-url-1 = {http://ncatlab.org/nlab/show/HomePage}}

@Book{Leinster,
 Author = {Leinster, Tom},
 Title = {Basic category theory},
 FSeries = {Cambridge Studies in Advanced Mathematics},
 Series = {Camb. Stud. Adv. Math.},
 Volume = {143},
 ISBN = {978-1-107-04424-1; 978-1-107-36006-8},
 Year = {2014},
 Publisher = {Cambridge: Cambridge University Press},
 Language = {English},
 DOI = {10.1017/CBO9781107360068},
 Keywords = {18-01,18A05,18A22,18A30,18A40,18F20},
 zbMATH = {6319720},
 Zbl = {1295.18001}
}

@Book{Riehl,
 Author = {Riehl, Emily},
 Title = {Category theory in context},
 ISBN = {978-0-486-80903-8},
 Year = {2016},
 Publisher = {Mineola, NY: Dover Publications},
 Language = {English},
 Keywords = {18-01,18A05,18A15,01A75},
 zbMATH = {6649061},
 Zbl = {1348.18001}
}

@Book{MacLane,
 Author = {Mac Lane, Saunders},
 Title = {Categories for the working mathematician.},
 Edition = {2nd ed},
 FSeries = {Graduate Texts in Mathematics},
 Series = {Grad. Texts Math.},
 ISSN = {0072-5285},
 Volume = {5},
 ISBN = {0-387-98403-8},
 Year = {1998},
 Publisher = {New York, NY: Springer},
 Language = {English},
 Keywords = {18-01},
 zbMATH = {1216133},
 Zbl = {0906.18001}
}

@Book{HCA2,
 Author = {Borceux, Francis},
 Title = {Handbook of categorical algebra. 2: {Categories} and structures},
 Edition = {Paperback reprint of the hardback edition 1994},
 FSeries = {Encyclopedia of Mathematics and Its Applications},
 Series = {Encycl. Math. Appl.},
 ISSN = {0953-4806},
 Volume = {51},
 ISBN = {978-0-521-06122-3},
 Year = {2008},
 Publisher = {Cambridge: Cambridge University Press},
 Language = {English},
 Keywords = {18-00},
 zbMATH = {5273392},
 Zbl = {1143.18002}
}

@misc{Maria,
    author   = {Clementino, Maria M.},
    title    = {Teoria das Categorias},
    note     = {Visited on 04/01/23, In Portuguese},
    url      = {http://www.mat.uc.pt/\%7Emmc/courses/TeoriadasCategorias.pdf}
}

@misc{Bartosz,
    author   = {Milewsik, Bartosz},
    title    = {Category Theory},
    url      = {https://www.youtube.com/playlist?list=PLbgaMIhjbmEnaH_LTkxLI7FMa2HsnawM_}
}

@misc{ wiki:uniproperty,
   author = "{Wikipedia contributors}",
   title = "Universal property --- {W}ikipedia{,} The Free Encyclopedia",
   url = "https://en.wikipedia.org/wiki/Universal_property",
   note = "[Online; accessed 02-Febuary-2023]"
 }

 @misc{ wiki:nattran,
   author = "{Wikipedia contributors}",
   title = "Universal property --- {W}ikipedia{,} The Free Encyclopedia",
   url = "https://en.wikipedia.org/wiki/Natural_transformation",
   note = "[Online; accessed 02-Febuary-2023]"
 }

 @misc{ wiki:monad,
   author = "{Wikipedia contributors}",
   title = "Monad --- {W}ikipedia{,} The Free Encyclopedia",
   url = "https://en.wikipedia.org/wiki/Monad_(category_theory)",
   note = "[Online; accessed 02-Febuary-2023]"
 }

 @misc{ wiki:adjoint,
   author = "{Wikipedia contributors}",
   title = "Adjoint functors --- {W}ikipedia{,} The Free Encyclopedia",
   url = "https://en.wikipedia.org/wiki/Adjoint_functors",
   note = "[Online; accessed 02-Febuary-2023]"
 }

  @misc{ wiki:homfunc,
   author = "{Wikipedia contributors}",
   title = "Hom functor --- {W}ikipedia{,} The Free Encyclopedia",
   url = "https://en.wikipedia.org/wiki/Hom_functor",
   note = "[Online; accessed 02-Febuary-2023]"
 }

  @misc{ wiki:prodcat,
   author = "{Wikipedia contributors}",
   title = "Product category --- {W}ikipedia{,} The Free Encyclopedia",
   url = "https://en.wikipedia.org/wiki/Product_category",
   note = "[Online; accessed 02-Febuary-2023]"
 }

 @misc{ wiki:functors,
   author = "{Wikipedia contributors}",
   title = "Functors --- {W}ikipedia{,} The Free Encyclopedia",
   url = "https://en.wikipedia.org/wiki/Functor",
   note = "[Online; accessed 02-Febuary-2023]"
 }

 @misc{ wiki:functorcat,
   author = "{Wikipedia contributors}",
   title = "Functor category --- {W}ikipedia{,} The Free Encyclopedia",
   url = "https://en.wikipedia.org/wiki/Functor_category",
   note = "[Online; accessed 02-Febuary-2023]"
 }

 @misc{ wiki:kleisli,
   author = "{Wikipedia contributors}",
   title = "Kleisli category --- {W}ikipedia{,} The Free Encyclopedia",
   url = " https://en.wikipedia.org/wiki/Kleisli_category",
   note = "[Online; accessed 02-Febuary-2023]"
 }


 @misc{ wiki:invmatrix,
   author = "{Wikipedia contributors}",
   title = "Invertable matrix --- {W}ikipedia{,} The Free Encyclopedia",
   url = "https://en.wikipedia.org/wiki/Invertible_matrix",
   note = "[Online; accessed 02-Febuary-2023]"
 }

  @misc{ wiki:history,
   author = "{Wikipedia contributors}",
   title = "Category theory --- {W}ikipedia{,} The Free Encyclopedia",
   url = " https://en.wikipedia.org/wiki/Category_theory",
   note = "[Online; accessed 02-Febuary-2023]"
 }



@misc{ math3ma,
   author = "Tai-Danae Bradley",
   title = "Math3ma",
   url = "https://www.math3ma.com",
   note = "[Online; accessed 02-Febuary-2023]"
 }

@misc{ catsters:mon,
   author = "The Catsters",
   title = "Monads",
   url = "https://www.youtube.com/watch?v=9fohXBj2UEI&list=PL0E91279846EC843E",
   note = "[Online; accessed 04-April-2023]"
 }

@misc{ jamesiry,
   author = "James Iry",
   title = "A brief incomplete and mostly wrong histor of programming languages",
   url = "http://james-iry.blogspot.com/2009/05/brief-incomplete-and-mostly-wrong.html",
   note = "[Online; accessed 11-May-2023]"
 }


